%% This BibTeX bibliography file was created using BibDesk.
%% http://bibdesk.sourceforge.net/

%% Created for Brian Weatherson at 2019-03-01 16:27:52 +1100 


%% Saved with string encoding Unicode (UTF-8) 



@article{GerkenForthcoming-GERPEA,
	Author = {Mikkel Gerken},
	Date-Added = {2019-03-01 05:27:22 +0000},
	Date-Modified = {2019-03-01 05:27:22 +0000},
	Journal = {Philosophers' Imprint},
	Title = {Pragmatic Encroachment and the Challenge From Epistemic Injustice},
	Year = {forthcoming}}

@phdthesis{Basu2018-BASBTW-2,
	Author = {Rima Basu},
	Date-Added = {2019-03-01 05:27:22 +0000},
	Date-Modified = {2019-03-01 05:27:22 +0000},
	School = {University of Southern California},
	Title = {Beliefs That Wrong},
	Year = {2018}}

@article{Derose2012-DERRTN,
	Author = {Keith Derose},
	Date-Added = {2019-03-01 05:27:22 +0000},
	Date-Modified = {2019-03-01 05:27:22 +0000},
	Journal = {Philosophy and Phenomenological Research},
	Number = {3},
	Pages = {703--721},
	Publisher = {Wiley-Blackwell},
	Title = {Replies to Nagel, Ludlow, and Fantl and McGrath},
	Volume = {84},
	Year = {2012}}

@article{JacksonForthcoming-JACHBD,
	Author = {Elizabeth Jackson},
	Date-Added = {2019-03-01 05:27:22 +0000},
	Date-Modified = {2019-03-01 05:27:22 +0000},
	Journal = {Philosophical Quarterly},
	Title = {How Belief-Credence Dualism Explains Away Pragmatic Encroachment},
	Year = {forthcoming}}

@article{HannonForthcoming-HANWPS-2,
	Author = {Michael Hannon},
	Date-Added = {2019-03-01 05:27:22 +0000},
	Date-Modified = {2019-03-01 05:27:22 +0000},
	Journal = {Philosophical Studies},
	Pages = {1--16},
	Title = {Why Purists Should Be Infallibilists},
	Year = {forthcoming}}

@article{Weatherson2018-WEAIEA-2,
	Author = {Brian Weatherson},
	Date-Added = {2019-03-01 05:27:22 +0000},
	Date-Modified = {2019-03-01 05:27:22 +0000},
	Journal = {Episteme},
	Number = {3},
	Pages = {329--344},
	Title = {Interests, Evidence and Games},
	Volume = {15},
	Year = {2018}}

@incollection{AndersonForthcoming-ANDPEA-5,
	Author = {Charity Anderson and John Hawthorne},
	Booktitle = {Pragmatic Encroachment in Epistemology},
	Date-Added = {2019-03-01 05:27:22 +0000},
	Date-Modified = {2019-03-01 05:27:22 +0000},
	Editor = {Brian Kim and Matthew McGrath},
	Publisher = {Routledge},
	Title = {Pragmatic Encroachment and Closure},
	Year = {forthcoming}}

@incollection{ComesanaForthcoming-COMANO,
	Author = {Juan Comesa\~na},
	Booktitle = {Pragmatic Encroachment in Epistemology},
	Date-Added = {2019-03-01 05:27:22 +0000},
	Date-Modified = {2019-03-01 05:27:22 +0000},
	Editor = {Brian Kim and Matthew McGrath},
	Publisher = {Routledge},
	Title = {A Note on Knowledge-First Decision Theory and Practical Adequacy},
	Year = {forthcoming}}

@incollection{Cohen2019-COHPEA-5,
	Author = {Stewart Cohen},
	Booktitle = {Pragmatic Encroachment in Epistemology},
	Date-Added = {2019-03-01 05:27:22 +0000},
	Date-Modified = {2019-03-01 05:27:22 +0000},
	Editor = {Brian Kim and Matthew McGrath},
	Publisher = {Routledge},
	Title = {Pragmatic Encroachment and Having Reasons},
	Year = {2019}}

@incollection{Ganson2019-GANGEB,
	Author = {Dorit Ganson},
	Booktitle = {Pragmatic Encroachment in Epistemology},
	Date-Added = {2019-03-01 05:27:22 +0000},
	Date-Modified = {2019-03-01 05:27:22 +0000},
	Editor = {Brian Kim and Matthew McGrath},
	Publisher = {Routledge},
	Title = {Great Expectations: Belief and the Case for Pragmatic Encroachment},
	Year = {2019}}

@incollection{Baril2019-BARPEA-13,
	Author = {Anne Baril},
	Booktitle = {Pragmatic Encroachment in Epistemology},
	Date-Added = {2019-03-01 05:27:22 +0000},
	Date-Modified = {2019-03-01 05:27:22 +0000},
	Editor = {Brian Kim and Matthew McGrath},
	Publisher = {Routledge},
	Title = {Pragmatic Encroachment and Practical Reasons},
	Year = {2019}}

@incollection{Kim2019-KIMAED,
	Author = {Brian Kim},
	Booktitle = {Pragmatic Encroachment in Epistemology},
	Date-Added = {2019-03-01 05:27:22 +0000},
	Date-Modified = {2019-03-01 05:27:22 +0000},
	Publisher = {Routledge},
	Title = {An Externalist Decision Theory for a Pragmatic Epistemology},
	Year = {2019}}

@incollection{Gerken2019-GERPEO-3,
	Author = {Mikkel Gerken},
	Booktitle = {Pragmatic Encroachment in Epistemology},
	Date-Added = {2019-03-01 05:27:22 +0000},
	Date-Modified = {2019-03-01 05:27:22 +0000},
	Editor = {Brian Kim and Matthew McGrath},
	Publisher = {Routledge},
	Title = {Pragmatic Encroachment on Scientific Knowledge?},
	Year = {2019}}

@incollection{Pinillos2019-PINSAE-3,
	Author = {N. \'Angel Pinillos},
	Booktitle = {Pragmatic Encroachment in Epistemology},
	Date-Added = {2019-03-01 05:27:22 +0000},
	Date-Modified = {2019-03-01 05:27:22 +0000},
	Editor = {Brian Kim and Matthew McGrath},
	Publisher = {Routledge},
	Title = {Skepticism and Evolution},
	Year = {2019}}

@incollection{Armendt2019-ARMDAP-2,
	Author = {Brad Armendt},
	Booktitle = {Pragmatic Encroachment in Epistemology},
	Date-Added = {2019-03-01 05:27:22 +0000},
	Date-Modified = {2019-03-01 05:27:22 +0000},
	Editor = {Brian Kim and Matthew McGrath},
	Publisher = {Routledge},
	Title = {Deliberation and Pragmatic Belief},
	Year = {2019}}

@article{JacksonForthcoming-JACBAC,
	Author = {Elizabeth Grace Jackson},
	Date-Added = {2019-03-01 05:27:22 +0000},
	Date-Modified = {2019-03-01 05:27:22 +0000},
	Journal = {Philosophical Studies},
	Pages = {1--20},
	Title = {Belief and Credence: Why the Attitude-Type Matters},
	Year = {forthcoming}}

@incollection{Basu2019-BASDW,
	Author = {Rima Basu and Mark Schroeder},
	Booktitle = {Pragmatic Encroachment in Epistemology},
	Date-Added = {2019-03-01 05:27:22 +0000},
	Date-Modified = {2019-03-01 05:27:22 +0000},
	Editor = {Brian Kim and Matthew McGrath},
	Pages = {181--205},
	Publisher = {Routledge},
	Title = {Doxastic Wronging},
	Year = {2019}}

@article{Hannon2018-HANEEP,
	Author = {Michael Hannon},
	Date-Added = {2019-03-01 05:27:22 +0000},
	Date-Modified = {2019-03-01 05:27:22 +0000},
	Journal = {Analysis},
	Number = {1},
	Pages = {173--177},
	Publisher = {Oxford University Press (Oup)},
	Title = {Epistemic Evaluation: Purposeful Evaluation By David K. Henderson and John Greco},
	Volume = {78},
	Year = {2018}}

@article{McGrath2017-MCGJAA-3,
	Author = {Matthew McGrath},
	Date-Added = {2019-03-01 05:27:22 +0000},
	Date-Modified = {2019-03-01 05:27:22 +0000},
	Journal = {Philosophical Review},
	Number = {3},
	Pages = {399--404},
	Title = {Judgment and Agency},
	Volume = {126},
	Year = {2017}}

@article{Fantl2012-FANCAS-2,
	Author = {Jeremy Fantl and Matthew Mcgrath},
	Date-Added = {2019-03-01 05:27:22 +0000},
	Date-Modified = {2019-03-01 05:27:22 +0000},
	Journal = {Philosophy and Phenomenological Research},
	Number = {3},
	Pages = {693--702},
	Publisher = {Wiley-Blackwell},
	Title = {Contextualism and Subject-Sensitivity},
	Volume = {84},
	Year = {2012}}

@article{RussellForthcoming-RUSHMI,
	Author = {Jeffrey Sanford Russell},
	Date-Added = {2019-03-01 05:27:22 +0000},
	Date-Modified = {2019-03-01 05:27:22 +0000},
	Journal = {Oxford Studies in Epistemology},
	Title = {How Much is at Stake for the Pragmatic Encroacher},
	Year = {forthcoming}}

@book{James2014-JAMTWT-51,
	Author = {William James},
	Date-Added = {2019-03-01 05:27:22 +0000},
	Date-Modified = {2019-03-01 05:27:22 +0000},
	Publisher = {New York: Cambridge University Press},
	Title = {The Will to Believe: And Other Essays in Popular Philosophy},
	Year = {2014}}

@article{Blome-Tillmann2009-BLOCSI-2,
	Author = {Michael Blome{-}Tillmann},
	Date-Added = {2019-03-01 05:27:22 +0000},
	Date-Modified = {2019-03-01 05:27:22 +0000},
	Journal = {Philosophy and Phenomenological Research},
	Number = {2},
	Pages = {315--331},
	Publisher = {Wiley-Blackwell},
	Title = {Contextualism, Subject-Sensitive Invariantism, and the Interaction of \textquoteleftKnowledge\textquoteright-Ascriptions with Modal and Temporal Operators},
	Volume = {79},
	Year = {2009}}

@article{Borge2008-BORSOT-4,
	Author = {Steffen Borge},
	Date-Added = {2019-03-01 05:27:22 +0000},
	Date-Modified = {2019-03-01 05:27:22 +0000},
	Journal = {SATS},
	Number = {1},
	Pages = {109--124},
	Title = {Stanley on the Knowledge-Relation},
	Volume = {9},
	Year = {2008}}

@article{GaoForthcoming-GAOCP,
	Author = {Jie Gao},
	Date-Added = {2019-03-01 05:27:22 +0000},
	Date-Modified = {2019-03-01 05:27:22 +0000},
	Journal = {Philosophical Studies},
	Pages = {1--23},
	Title = {Credal Pragmatism},
	Year = {forthcoming}}

@incollection{Gardiner2018-GAREAM-3,
	Author = {Georgi Gardiner},
	Booktitle = {Believing in Accordance with the Evidence},
	Date-Added = {2019-03-01 05:27:22 +0000},
	Date-Modified = {2019-03-01 05:27:22 +0000},
	Editor = {McCain Kevin},
	Publisher = {Springer Verlag},
	Title = {Evidentialism and Moral Encroachment},
	Year = {2018}}

@article{Schroeder2017-SCHTEC-12,
	Author = {Mark Schroeder},
	Date-Added = {2019-03-01 05:27:22 +0000},
	Date-Modified = {2019-03-01 05:27:22 +0000},
	Journal = {Logos and Episteme},
	Number = {3},
	Pages = {365--374},
	Title = {The Epistemic Consequences of Forced Choice},
	Volume = {8},
	Year = {2017}}

@article{Weatherson2016-WEARTB,
	Author = {Brian James Weatherson},
	Date-Added = {2019-03-01 05:27:22 +0000},
	Date-Modified = {2019-03-01 05:27:22 +0000},
	Journal = {Journal of Philosophical Research},
	Pages = {73--75},
	Title = {Reply to Blackson},
	Volume = {41},
	Year = {2016}}

@article{LittlejohnForthcoming-LITSSG,
	Author = {Clayton Littlejohn},
	Date-Added = {2019-03-01 05:27:22 +0000},
	Date-Modified = {2019-03-01 05:27:22 +0000},
	Journal = {Manuscrito: Revista Internacional de Filosof\'ia},
	Title = {Small Stakes Give You the Blues: The Skeptical Costs of Pragmatic Encroachment},
	Year = {forthcoming}}

@article{Dinges2018-DINAEA,
	Author = {Alexander Dinges},
	Date-Added = {2019-03-01 05:27:22 +0000},
	Date-Modified = {2019-03-01 05:27:22 +0000},
	Journal = {Philosophical Studies},
	Number = {11},
	Pages = {2841--2857},
	Publisher = {Springer Verlag},
	Title = {Anti-Intellectualism, Egocentrism and Bank Case Intuitions},
	Volume = {175},
	Year = {2018}}

@article{Roeber2018-ROETPE-4,
	Author = {Blake Roeber},
	Date-Added = {2019-03-01 05:27:22 +0000},
	Date-Modified = {2019-03-01 05:27:22 +0000},
	Journal = {No\^us},
	Number = {1},
	Pages = {171--195},
	Title = {The Pragmatic Encroachment Debate},
	Volume = {52},
	Year = {2018}}

@article{Mueller2017-MUEPOP-3,
	Author = {Andy Mueller},
	Date-Added = {2019-03-01 05:27:22 +0000},
	Date-Modified = {2019-03-01 05:27:22 +0000},
	Journal = {Logos and Episteme},
	Number = {2},
	Pages = {235--241},
	Title = {Pragmatic or Pascalian Encroachment?},
	Volume = {8},
	Year = {2017}}

@book{Gerken2017-GERITO,
	Author = {Mikkel Gerken},
	Date-Added = {2019-03-01 05:27:22 +0000},
	Date-Modified = {2019-03-01 05:27:22 +0000},
	Publisher = {Oxford: Oxford University Press},
	Title = {Introduction to On Folk Epistemology},
	Year = {2017}}

@article{Rutledge2017-RUTAEC,
	Author = {Jonathan Rutledge},
	Date-Added = {2019-03-01 05:27:22 +0000},
	Date-Modified = {2019-03-01 05:27:22 +0000},
	Journal = {European Journal for Philosophy of Religion},
	Number = {1},
	Pages = {163--177},
	Title = {An Epistemological Corrective to Doctrines of Assurance},
	Volume = {9},
	Year = {2017}}

@book{Gerken2017-GEROFE,
	Author = {Mikkel Gerken},
	Date-Added = {2019-03-01 05:27:22 +0000},
	Date-Modified = {2019-03-01 05:27:22 +0000},
	Publisher = {Oxford: Oxford University Press},
	Title = {On Folk Epistemology. How We Think and Talk About Knowledge},
	Year = {2017}}

@article{Martin2017-SMIARP,
	Author = {Smith Martin},
	Date-Added = {2019-03-01 05:27:22 +0000},
	Date-Modified = {2019-03-01 05:27:22 +0000},
	Journal = {European Journal for Philosophy of Religion},
	Number = {1},
	Pages = {221--224},
	Title = {Aaron Rizzieri: Pragmatic Encroachment, Religious Belief and Practice. Palgrave 2013},
	Volume = {9},
	Year = {2017}}

@article{Rodrigues2013-RODCCE,
	Author = {T. V. Rodrigues},
	Date-Added = {2019-03-01 05:27:22 +0000},
	Date-Modified = {2019-03-01 05:27:22 +0000},
	Journal = {Intuitio},
	Number = {N\textordmasculine 2},
	Pages = {05--18},
	Title = {Conhecimento, Contexto E Infiltra\c{c}\~ao Pragm\'atica},
	Year = {2013}}

@article{Fantl2012-FANPEI-2,
	Author = {Jeremy Fantl and Matthew Mcgrath},
	Date-Added = {2019-03-01 05:27:22 +0000},
	Date-Modified = {2019-03-01 05:27:22 +0000},
	Journal = {Episteme},
	Number = {1},
	Pages = {27--42},
	Publisher = {Edinburgh University Press},
	Title = {Pragmatic Encroachment: It's Not Just About Knowledge},
	Volume = {9},
	Year = {2012}}

@article{Dimmock2018-DIMSAQ,
	Author = {Paul Dimmock},
	Date-Added = {2019-03-01 05:27:22 +0000},
	Date-Modified = {2019-03-01 05:27:22 +0000},
	Journal = {Philosophical Studies},
	Number = {8},
	Pages = {2005--2015},
	Publisher = {Springer Verlag},
	Title = {Strange-but-True: A New Argument for Contextualism About \textquoteleftKnow\textquoteright},
	Volume = {175},
	Year = {2018}}

@article{Greco2013-GREPA,
	Author = {Daniel Greco},
	Date-Added = {2019-03-01 05:27:22 +0000},
	Date-Modified = {2019-03-01 05:27:22 +0000},
	Journal = {Oxford Studies in Epistemology},
	Pages = {82},
	Title = {4. Probability and Prodigality},
	Volume = {4},
	Year = {2013}}

@article{Kim2017-KIMPEI-2,
	Author = {Brian Kim},
	Date-Added = {2019-03-01 05:27:22 +0000},
	Date-Modified = {2019-03-01 05:27:22 +0000},
	Journal = {Philosophy Compass},
	Number = {5},
	Pages = {e12415},
	Publisher = {Wiley-Blackwell},
	Title = {Pragmatic Encroachment in Epistemology},
	Volume = {12},
	Year = {2017}}

@article{GaoForthcoming-GAOATI,
	Author = {Jie Gao},
	Date-Added = {2019-03-01 05:27:22 +0000},
	Date-Modified = {2019-03-01 05:27:22 +0000},
	Journal = {Episteme},
	Title = {Against the Iterated Knowledge Account of High-Stakes Cases},
	Year = {forthcoming}}

@article{Fritz2017-FRIPEA-3,
	Author = {James Fritz},
	Date-Added = {2019-03-01 05:27:22 +0000},
	Date-Modified = {2019-03-01 05:27:22 +0000},
	Journal = {Pacific Philosophical Quarterly},
	Number = {S1},
	Pages = {643--661},
	Title = {Pragmatic Encroachment and Moral Encroachment},
	Volume = {98},
	Year = {2017}}

@article{Hawthorne2004-HAWPOK,
	Author = {John Hawthorne},
	Date-Added = {2019-03-01 05:27:22 +0000},
	Date-Modified = {2019-03-01 05:27:22 +0000},
	Journal = {Philosophical Issues},
	Number = {1},
	Pages = {476--481},
	Title = {Pr\'ecis of Knowledge and Lotteries},
	Volume = {14},
	Year = {2004}}

@article{Basboll2007-BASJSK,
	Author = {T. Basboll},
	Date-Added = {2019-03-01 05:27:22 +0000},
	Date-Modified = {2019-03-01 05:27:22 +0000},
	Journal = {Philosophy in Review},
	Number = {3},
	Pages = {225},
	Publisher = {University of Victoria, Department of Philosophy},
	Title = {Jason Stanley, Knowledge and Practical Interests},
	Volume = {27},
	Year = {2007}}

@article{Brendel2004-BRECAT-2,
	Author = {Elke Brendel and Christoph J\"ager},
	Date-Added = {2019-03-01 05:27:22 +0000},
	Date-Modified = {2019-03-01 05:27:22 +0000},
	Journal = {Erkenntnis},
	Number = {2-3},
	Pages = {143--172},
	Publisher = {Springer},
	Title = {Contextualist Approaches to Epistemology: Problems and Prospects},
	Volume = {61},
	Year = {2004}}

@article{DeRose2000-DERNYK,
	Author = {Keith DeRose},
	Date-Added = {2019-03-01 05:27:22 +0000},
	Date-Modified = {2019-03-01 05:27:22 +0000},
	Journal = {The Proceedings of the Twentieth World Congress of Philosophy},
	Pages = {91--106},
	Publisher = {Philosophy Documentation Center},
	Title = {Now You Know It, Now You Don't},
	Volume = {5},
	Year = {2000}}

@article{Hannon2015-HANTIO-12,
	Author = {Michael Hannon},
	Date-Added = {2019-03-01 05:27:22 +0000},
	Date-Modified = {2019-03-01 05:27:22 +0000},
	Journal = {Philosophy Compass},
	Number = {12},
	Pages = {856--866},
	Title = {The Importance of Knowledge Ascriptions},
	Volume = {10},
	Year = {2015}}

@article{Croce2017-CROTWA-3,
	Author = {Michel Croce and Paul Poenicke},
	Date-Added = {2019-03-01 05:27:22 +0000},
	Date-Modified = {2019-03-01 05:27:22 +0000},
	Journal = {Teorema: International Journal of Philosophy},
	Number = {3},
	Pages = {163--183},
	Title = {Testing What\textquoterights at Stake: Defending Stakes Effects for Testimony},
	Volume = {36},
	Year = {2017}}

@article{Peet2017-PEELIT,
	Author = {Andrew Peet and Eli Pitcovski},
	Date-Added = {2019-03-01 05:27:22 +0000},
	Date-Modified = {2019-03-01 05:27:22 +0000},
	Journal = {Analysis},
	Number = {2},
	Pages = {336--344},
	Publisher = {Oxford University Press (Oup)},
	Title = {Lost in Transmission: Testimonial Justification and Practical Reason},
	Volume = {77},
	Year = {2017}}

@article{Shaffer2017-SHASAT-24,
	Author = {Michael J. Shaffer},
	Date-Added = {2019-03-01 05:27:22 +0000},
	Date-Modified = {2019-03-01 05:27:22 +0000},
	Journal = {The Reasoner},
	Pages = {73--74},
	Title = {Stanley and the Stakes Hypothesis},
	Volume = {11},
	Year = {2017}}

@article{Baumann2016-BAUKAC,
	Author = {Peter Baumann},
	Date-Added = {2019-03-01 05:27:22 +0000},
	Date-Modified = {2019-03-01 05:27:22 +0000},
	Journal = {Dialogue},
	Number = {2},
	Pages = {363--380},
	Title = {Knowledge Across Contexts. A Problem for Subject-Sensitive Invariantism},
	Volume = {55},
	Year = {2016}}

@incollection{Coffman2012-COFCAI-2,
	Author = {E. I. Coffman},
	Booktitle = {The Continuum Companion to Epistemology},
	Date-Added = {2019-03-01 05:27:22 +0000},
	Date-Modified = {2019-03-01 05:27:22 +0000},
	Editor = {Andrew Cullison},
	Pages = {199},
	Publisher = {Continuum},
	Title = {Contextualism and Interest-Relative Invariantism},
	Year = {2012}}

@article{Roeber2018-ROEA-5,
	Author = {Blake Roeber},
	Date-Added = {2019-03-01 05:27:22 +0000},
	Date-Modified = {2019-03-01 05:27:22 +0000},
	Journal = {Mind},
	Number = {506},
	Pages = {437--466},
	Title = {Anti-Intellectualism},
	Volume = {127},
	Year = {2018}}

@article{Fumerton2010-FUMFOP,
	Author = {Richard Fumerton},
	Date-Added = {2019-03-01 05:27:22 +0000},
	Date-Modified = {2019-03-01 05:27:22 +0000},
	Journal = {Philosophical Perspectives},
	Number = {1},
	Pages = {243--253},
	Title = {Fencing Out Pragmatic Encroachment1},
	Volume = {24},
	Year = {2010}}

@incollection{Gal2006-GALLIS-2,
	Author = {Susan Gal},
	Booktitle = {The Oxford Handbook of Contextual Political Analysis},
	Date-Added = {2019-03-01 05:27:22 +0000},
	Date-Modified = {2019-03-01 05:27:22 +0000},
	Editor = {Robert E. Goodin and Charles Tilly},
	Pages = {376--391},
	Publisher = {Oxford University Press},
	Title = {Language, its Stakes and its Effects},
	Year = {2006}}

@book{Clarke1988-CLARAA-3,
	Author = {D. S. Clarke},
	Date-Added = {2019-03-01 05:27:22 +0000},
	Date-Modified = {2019-03-01 05:27:22 +0000},
	Publisher = {Rowman \& Littlefield Publishers},
	Title = {Rational Acceptance and Purpose: An Outline of a Pragmatic Epistemology},
	Year = {1988}}

@incollection{Worrall2000-WORPFI,
	Author = {John Worrall},
	Date-Added = {2019-03-01 05:27:22 +0000},
	Date-Modified = {2019-03-01 05:27:22 +0000},
	Title = {Pragmatic Factors in Theory-Acceptance},
	Year = {2000}}

@article{Littlejohn2010-LITROJ,
	Author = {Clayton Littlejohn},
	Date-Added = {2019-03-01 05:27:22 +0000},
	Date-Modified = {2019-03-01 05:27:22 +0000},
	Journal = {Notre Dame Philosophical Reviews},
	Number = {5},
	Title = {Review of Jeremy Fantl, Matt McGrath, \emph{Knowledge in an Uncertain World}},
	Volume = {2010},
	Year = {2010}}

@article{Dretske1981-DRETPD,
	Author = {Fred Dretske},
	Date-Added = {2019-03-01 05:27:22 +0000},
	Date-Modified = {2019-03-01 05:27:22 +0000},
	Journal = {Philosophical Studies},
	Number = {3},
	Pages = {363--378},
	Publisher = {Springer},
	Title = {The Pragmatic Dimension of Knowledge},
	Volume = {40},
	Year = {1981}}

@article{Kvanvig2011-KVAAPE,
	Author = {Jonathan L. Kvanvig},
	Date-Added = {2019-03-01 05:27:22 +0000},
	Date-Modified = {2019-03-01 05:27:22 +0000},
	Journal = {Logos and Episteme},
	Number = {1},
	Pages = {77--85},
	Title = {Against Pragmatic Encroachment},
	Volume = {2},
	Year = {2011}}

@book{Clarke1988-CLARAA-5,
	Author = {D. S. Clarke},
	Date-Added = {2019-03-01 05:27:22 +0000},
	Date-Modified = {2019-03-01 05:27:22 +0000},
	Publisher = {Rowman \& Littlefield Publishers},
	Title = {Rational Acceptance and Purpose: An Outline of a Pragmatic Epistemology},
	Year = {1988}}

@article{Hudson2015-HUDDSC,
	Author = {Robert Hudson},
	Date-Added = {2019-03-01 05:27:22 +0000},
	Date-Modified = {2019-03-01 05:27:22 +0000},
	Journal = {Logos and Episteme},
	Number = {1},
	Pages = {35--59},
	Title = {Defending Standards Contextualism},
	Volume = {6},
	Year = {2015}}

@article{Greco2008-GREWWW-2,
	Author = {John Greco},
	Date-Added = {2019-03-01 05:27:22 +0000},
	Date-Modified = {2019-03-01 05:27:22 +0000},
	Journal = {Philosophical Quarterly},
	Number = {232},
	Pages = {416--436},
	Publisher = {Wiley-Blackwell},
	Title = {What's Wrong with Contextualism?},
	Volume = {58},
	Year = {2008}}

@article{Fantl2009-FANAFF-3,
	Author = {Jeremy Fantl and Matthew McGrath},
	Date-Added = {2019-03-01 05:27:22 +0000},
	Date-Modified = {2019-03-01 05:27:22 +0000},
	Journal = {Philosophical Studies},
	Number = {1},
	Pages = {55--66},
	Publisher = {Springer},
	Title = {Advice for Fallibilists: Put Knowledge to Work},
	Volume = {142},
	Year = {2009}}

@article{McGrath2018-MCGDPE-2,
	Author = {Matthew McGrath},
	Date-Added = {2019-03-01 05:27:22 +0000},
	Date-Modified = {2019-03-01 05:27:22 +0000},
	Journal = {Synthese},
	Number = {7},
	Publisher = {Springer Nature},
	Title = {Defeating Pragmatic Encroachment?},
	Volume = {195},
	Year = {2018}}

@article{Pace2016-PACPFA,
	Author = {Michael Pace},
	Date-Added = {2019-03-01 05:27:22 +0000},
	Date-Modified = {2019-03-01 05:27:22 +0000},
	Journal = {Marginalia},
	Title = {Practical Factors and Religious Belief},
	Volume = {2325},
	Year = {2016}}

@article{McGrath2016-MCGHOE,
	Author = {Matthew McGrath},
	Date-Added = {2019-03-01 05:27:22 +0000},
	Date-Modified = {2019-03-01 05:27:22 +0000},
	Journal = {Philosophical Studies},
	Number = {3},
	Pages = {841--849},
	Publisher = {Springer Verlag},
	Title = {Hill on Epistemology},
	Volume = {173},
	Year = {2016}}

@article{Roeber2018-ROETPE-2,
	Author = {Blake Roeber},
	Date-Added = {2019-03-01 05:27:22 +0000},
	Date-Modified = {2019-03-01 05:27:22 +0000},
	Journal = {No\^us},
	Number = {1},
	Pages = {171--195},
	Title = {The Pragmatic Encroachment Debate},
	Volume = {52},
	Year = {2018}}

@article{Scrutton2016-SCRWNB-2,
	Author = {Anastasia Philippa Scrutton},
	Date-Added = {2019-03-01 05:27:22 +0000},
	Date-Modified = {2019-03-01 05:27:22 +0000},
	Journal = {Religious Studies},
	Number = {3},
	Pages = {345--360},
	Title = {Why Not Believe in an Evil God? Pragmatic Encroachment and Some Implications for Philosophy of Religion},
	Volume = {52},
	Year = {2016}}

@article{Lackey2010-LACAOK,
	Author = {Jennifer Lackey},
	Date-Added = {2019-03-01 05:27:22 +0000},
	Date-Modified = {2019-03-01 05:27:22 +0000},
	Journal = {Philosophical Perspectives},
	Number = {1},
	Pages = {361--382},
	Title = {Acting on Knowledge},
	Volume = {24},
	Year = {2010}}

@article{Way2016-WAYIYJ-2,
	Author = {Jonathan Way and Daniel Whiting},
	Date-Added = {2019-03-01 05:27:22 +0000},
	Date-Modified = {2019-03-01 05:27:22 +0000},
	Journal = {Philosophical Studies},
	Number = {7},
	Pages = {1873--1895},
	Publisher = {Springer Verlag},
	Title = {If You Justifiably Believe That You Ought to \ensuremath{\Phi}, You Ought to \ensuremath{\Phi}},
	Volume = {173},
	Year = {2016}}

@article{Fantl2012-FANPOK,
	Author = {Jeremy Fantl and Matthew Mcgrath},
	Date-Added = {2019-03-01 05:27:22 +0000},
	Date-Modified = {2019-03-01 05:27:22 +0000},
	Journal = {Philosophy and Phenomenological Research},
	Number = {2},
	Pages = {441--446},
	Publisher = {Wiley-Blackwell},
	Title = {Pr\'ecis of Knowledge in an Uncertain World},
	Volume = {85},
	Year = {2012}}

@article{McGrath2004-MCGROJ,
	Author = {Matthew McGrath},
	Date-Added = {2019-03-01 05:27:22 +0000},
	Date-Modified = {2019-03-01 05:27:22 +0000},
	Journal = {Notre Dame Philosophical Reviews},
	Number = {8},
	Title = {Review of John Hawthorne, \emph{Knowledge and Lotteries}},
	Volume = {2004},
	Year = {2004}}

@article{Hannon2017-HANAST-2,
	Author = {Michael Hannon},
	Date-Added = {2019-03-01 05:27:22 +0000},
	Date-Modified = {2019-03-01 05:27:22 +0000},
	Journal = {Philosophical Studies},
	Number = {3},
	Pages = {607--629},
	Publisher = {Springer Verlag},
	Title = {A Solution to Knowledge\textquoterights Threshold Problem},
	Volume = {174},
	Year = {2017}}

@article{Weatherson2016-WEAGBA-2,
	Author = {Brian James Weatherson},
	Date-Added = {2019-03-01 05:27:22 +0000},
	Date-Modified = {2019-03-01 05:27:22 +0000},
	Journal = {Philosophy and Phenomenological Research},
	Number = {2},
	Pages = {209--236},
	Title = {Games, Beliefs and Credences},
	Volume = {92},
	Year = {2016}}

@article{Kim2016-KIMIDO-2,
	Author = {Brian Kim},
	Date-Added = {2019-03-01 05:27:22 +0000},
	Date-Modified = {2019-03-01 05:27:22 +0000},
	Journal = {Episteme},
	Number = {2},
	Pages = {233--251},
	Title = {In Defense of Subject-Sensitive Invariantism},
	Volume = {13},
	Year = {2016}}

@incollection{Benton2018-BENPEA-8,
	Author = {Matthew A. Benton},
	Booktitle = {Knowledge, Belief, and God: New Insights in Religious Epistemology},
	Date-Added = {2019-03-01 05:27:22 +0000},
	Date-Modified = {2019-03-01 05:27:22 +0000},
	Editor = {Matthew A. Benton and John Hawthorne and Dani Rabinowitz},
	Pages = {267--287},
	Publisher = {Oxford: Oxford University Press},
	Title = {Pragmatic Encroachment and Theistic Knowledge},
	Year = {2018}}

@incollection{Fantl2012-FANAFS,
	Author = {J. Fantl and M. McGrath},
	Booktitle = {Knowledge Ascriptions},
	Date-Added = {2019-03-01 05:27:22 +0000},
	Date-Modified = {2019-03-01 05:27:22 +0000},
	Editor = {Jessica Brown and Mikkel Gerken},
	Pages = {55--74},
	Publisher = {Oxford University Press},
	Title = {Arguing for Shifty Epistemology},
	Year = {2012}}

@article{Roeber2014-ROEMAT,
	Author = {Blake Roeber},
	Date-Added = {2019-03-01 05:27:22 +0000},
	Date-Modified = {2019-03-01 05:27:22 +0000},
	Journal = {Episteme},
	Number = {3},
	Pages = {245--260},
	Publisher = {Edinburgh University Press},
	Title = {Minimalism And The Limits Of Warranted Assertability Maneuvers},
	Volume = {11},
	Year = {2014}}

@article{Zweber2016-ZWEFCA,
	Author = {Adam Zweber},
	Date-Added = {2019-03-01 05:27:22 +0000},
	Date-Modified = {2019-03-01 05:27:22 +0000},
	Journal = {Philosophical Studies},
	Number = {10},
	Pages = {2745--2757},
	Publisher = {Springer Verlag},
	Title = {Fallibilism, Closure, and Pragmatic Encroachment},
	Volume = {173},
	Year = {2016}}

@article{Locke2017-LOCIAN,
	Author = {Dustin Locke},
	Date-Added = {2019-03-01 05:27:22 +0000},
	Date-Modified = {2019-03-01 05:27:22 +0000},
	Journal = {Synthese},
	Number = {2},
	Publisher = {Springer Nature},
	Title = {Implicature and Non-Local Pragmatic Encroachment},
	Volume = {194},
	Year = {2017}}

@article{Coss2016-COSTPO-9,
	Author = {David Coss},
	Date-Added = {2019-03-01 05:27:22 +0000},
	Date-Modified = {2019-03-01 05:27:22 +0000},
	Journal = {Acta Analytica},
	Number = {3},
	Pages = {253--261},
	Publisher = {Springer Verlag},
	Title = {The Pitfalls of Interest-Relative Invariantism},
	Volume = {31},
	Year = {2016}}

@book{Lewis1926-LEWTPE,
	Author = {Clarence Irving Lewis},
	Date-Added = {2019-03-01 05:27:22 +0000},
	Date-Modified = {2019-03-01 05:27:22 +0000},
	Publisher = {University of California Press},
	Title = {The Pragmatic Element in Knowledge},
	Year = {1926}}

@article{TurriForthcoming-TURDSL,
	Author = {John Turri and Wesley Buckwalter},
	Date-Added = {2019-03-01 05:27:22 +0000},
	Date-Modified = {2019-03-01 05:27:22 +0000},
	Journal = {American Philosophical Quarterly},
	Title = {Descartes\textquoterights Schism, Locke\textquoterights Reunion: Completing the Pragmatic Turn in Epistemology},
	Year = {forthcoming}}

@article{Anderson2015-ANDOTI-3,
	Author = {Charity Anderson},
	Date-Added = {2019-03-01 05:27:22 +0000},
	Date-Modified = {2019-03-01 05:27:22 +0000},
	Journal = {Episteme},
	Number = {3},
	Pages = {343--353},
	Title = {On the Intimate Relationship of Knowledge and Action},
	Volume = {12},
	Year = {2015}}

@article{Armendt2008-ARMSB,
	Author = {Brad Armendt},
	Date-Added = {2019-03-01 05:27:22 +0000},
	Date-Modified = {2019-03-01 05:27:22 +0000},
	Journal = {Acta Analytica},
	Number = {1},
	Pages = {29--43},
	Publisher = {Springer Netherlands},
	Title = {Stake-Invariant Belief},
	Volume = {23},
	Year = {2008}}

@incollection{Thomason2007-THOTIB,
	Author = {Richmond H. Thomason},
	Booktitle = {Modeling and Using Context},
	Date-Added = {2019-03-01 05:27:22 +0000},
	Date-Modified = {2019-03-01 05:27:22 +0000},
	Editor = {T. R. Roth{-}Berghofer D. C. Richardson B. Kokinov},
	Pages = {467--481},
	Publisher = {Springer},
	Title = {Three Interactions Between Context and Epistemic Locutions},
	Year = {2007}}

@article{Adler2006-ADLWAC,
	Author = {Jonathan E. Adler},
	Date-Added = {2019-03-01 05:27:22 +0000},
	Date-Modified = {2019-03-01 05:27:22 +0000},
	Journal = {Analysis},
	Number = {4},
	Pages = {280--285},
	Publisher = {Oxford University Press},
	Title = {Withdrawal and Contextualism},
	Volume = {66},
	Year = {2006}}

@incollection{Thomason1986-THOTCO-33,
	Author = {Richmond Thomason},
	Booktitle = {Reasoning about actions and plans},
	Date-Added = {2019-03-01 05:27:22 +0000},
	Date-Modified = {2019-03-01 05:27:22 +0000},
	Editor = {Michael Georgeff and Amy Lanksy},
	Pages = {341--360},
	Publisher = {Morgan Kaufmann Publishers},
	Title = {The Context-Sensitivity of Belief and Desire},
	Year = {1986}}

@article{MoghaddamForthcoming-HEMSSI,
	Author = {Ahmad Reza Hemmati Moghaddam},
	Date-Added = {2019-03-01 05:27:22 +0000},
	Date-Modified = {2019-03-01 05:27:22 +0000},
	Journal = {Philosophical Investigations},
	Title = {Subject Sensitive Invariantism and Epistemic Contextualism},
	Year = {forthcoming}}

@incollection{LihoreauForthcoming-LIHRAK,
	Author = {Franck Lihoreau and Manuel Rebuschi},
	Booktitle = {Dialogue, Rationality, Formalism. Interdisciplinary Works in Logic, Epistemology, Psychology and Linguistics},
	Date-Added = {2019-03-01 05:27:22 +0000},
	Date-Modified = {2019-03-01 05:27:22 +0000},
	Editor = {Manuel Rebuschi and Martine Batt and Gerhard Heinzmann and Franck Lihoreau and Michel Musiol and Alain Trognon},
	Publisher = {Springer},
	Title = {Reasoning About Knowledge in Context},
	Year = {forthcoming}}

@article{Fassio2015-FASRE,
	Author = {Davide Fassio and Robin McKenna},
	Date-Added = {2019-03-01 05:27:22 +0000},
	Date-Modified = {2019-03-01 05:27:22 +0000},
	Journal = {Inquiry: An Interdisciplinary Journal of Philosophy},
	Number = {7-8},
	Pages = {755--779},
	Publisher = {Informa Uk},
	Title = {Revisionary Epistemology},
	Volume = {58},
	Year = {2015}}

@article{Buckwalter2015-BUCKSA,
	Author = {Wesley Buckwalter and Jonathan Schaffer},
	Date-Added = {2019-03-01 05:27:22 +0000},
	Date-Modified = {2019-03-01 05:27:22 +0000},
	Journal = {No\^us},
	Number = {2},
	Pages = {201--234},
	Title = {Knowledge, Stakes, and Mistakes},
	Volume = {49},
	Year = {2015}}

@article{Kasaki2014-KASSIA,
	Author = {Masashi Kasaki},
	Date-Added = {2019-03-01 05:27:22 +0000},
	Date-Modified = {2019-03-01 05:27:22 +0000},
	Journal = {Acta Analytica},
	Number = {1},
	Pages = {83--98},
	Title = {Subject-Sensitive Invariantism and Isolated Secondhand Knowledge},
	Volume = {29},
	Year = {2014}}

@article{DeBrasi2014-DEBCYT,
	Author = {Leandro De Brasi},
	Date-Added = {2019-03-01 05:27:22 +0000},
	Date-Modified = {2019-03-01 05:27:22 +0000},
	Journal = {An\'alisis Filos\'ofico},
	Number = {1},
	Pages = {61--75},
	Title = {Contextualismo y Testimonio},
	Volume = {34},
	Year = {2014}}

@article{Blome-Tillmann2013-BLOKAI,
	Author = {Michael Blome{-}Tillmann},
	Date-Added = {2019-03-01 05:27:22 +0000},
	Date-Modified = {2019-03-01 05:27:22 +0000},
	Journal = {Synthese},
	Number = {18},
	Pages = {4293--4319},
	Title = {Knowledge and Implicatures},
	Volume = {190},
	Year = {2013}}

@article{Hannon2013-HANTPO-15,
	Author = {Michael Hannon},
	Date-Added = {2019-03-01 05:27:22 +0000},
	Date-Modified = {2019-03-01 05:27:22 +0000},
	Journal = {Erkenntnis},
	Number = {4},
	Pages = {899--919},
	Title = {The Practical Origins of Epistemic Contextualism},
	Volume = {78},
	Year = {2013}}

@article{Brown2013-BROEPC,
	Author = {Jessica Brown},
	Date-Added = {2019-03-01 05:27:22 +0000},
	Date-Modified = {2019-03-01 05:27:22 +0000},
	Journal = {Philosophy and Phenomenological Research},
	Number = {2},
	Pages = {233--261},
	Publisher = {Wiley-Blackwell},
	Title = {Experimental Philosophy, Contextualism and SSI},
	Volume = {86},
	Year = {2013}}

@article{Nagel2011-NAGTPB,
	Author = {Jennifer Nagel},
	Date-Added = {2019-03-01 05:27:22 +0000},
	Date-Modified = {2019-03-01 05:27:22 +0000},
	Journal = {Philosophers' Imprint},
	Pages = {1--28},
	Publisher = {Mpublishing},
	Title = {The Psychological Basis of the Harman-Vogel Paradox},
	Volume = {11},
	Year = {2011}}

@article{Wright2011-WRIKAS,
	Author = {Sarah Wright},
	Date-Added = {2019-03-01 05:27:22 +0000},
	Date-Modified = {2019-03-01 05:27:22 +0000},
	Journal = {Episteme},
	Number = {1},
	Pages = {99--111},
	Publisher = {Edinburgh University Press},
	Title = {Knowledge and Social Roles: A Virtue Approach},
	Volume = {8},
	Year = {2011}}

@article{Gerken2011-GERWAA,
	Author = {Mikkel Gerken},
	Date-Added = {2019-03-01 05:27:22 +0000},
	Date-Modified = {2019-03-01 05:27:22 +0000},
	Journal = {Synthese},
	Number = {3},
	Pages = {529--547},
	Publisher = {Springer},
	Title = {Warrant and Action},
	Volume = {178},
	Year = {2011}}

@article{Brueckner2010-BRUSD,
	Author = {Anthony Brueckner},
	Date-Added = {2019-03-01 05:27:22 +0000},
	Date-Modified = {2019-03-01 05:27:22 +0000},
	Journal = {Philosophical Quarterly},
	Number = {238},
	Pages = {160--161},
	Title = {SSSI Disinterred},
	Volume = {60},
	Year = {2010}}

@article{Buckwalter2010-BUCKIC,
	Author = {Wesley Buckwalter},
	Date-Added = {2019-03-01 05:27:22 +0000},
	Date-Modified = {2019-03-01 05:27:22 +0000},
	Journal = {Review of Philosophy and Psychology},
	Number = {3},
	Pages = {395--406},
	Publisher = {Springer Netherlands},
	Title = {Knowledge Isn\textquoterightT Closed on Saturday: A Study in Ordinary Language},
	Volume = {1},
	Year = {2010}}

@article{Nagel2010-NAGEAA,
	Author = {Jennifer Nagel},
	Date-Added = {2019-03-01 05:27:22 +0000},
	Date-Modified = {2019-03-01 05:27:22 +0000},
	Journal = {Philosophical Perspectives},
	Number = {1},
	Pages = {407--435},
	Title = {Epistemic Anxiety and Adaptive Invariantism},
	Volume = {24},
	Year = {2010}}

@incollection{Zeman2010-ZEMKAA-2,
	Author = {Dan Zeman},
	Booktitle = {Context Dependence, Perpsective and Relativity},
	Date-Added = {2019-03-01 05:27:22 +0000},
	Date-Modified = {2019-03-01 05:27:22 +0000},
	Editor = {Recanati Fran\c{c}ois and Stojanovic Isidora and Villanueva Neftali},
	Publisher = {Mouton de Gruyter},
	Title = {Knowledge Attributions and Relevant Epistemic Standards},
	Year = {2010}}

@article{Brueckner2009-BRUCSA,
	Author = {Anthony Brueckner and Christopher T. Buford},
	Date-Added = {2019-03-01 05:27:22 +0000},
	Date-Modified = {2019-03-01 05:27:22 +0000},
	Journal = {Analysis},
	Number = {3},
	Pages = {431--438},
	Publisher = {Oxford University Press},
	Title = {Contextualism, SSI and the Factivity Problem},
	Volume = {69},
	Year = {2009}}

@article{Blaauw2008-BLASSI,
	Author = {Martijn Blaauw},
	Date-Added = {2019-03-01 05:27:22 +0000},
	Date-Modified = {2019-03-01 05:27:22 +0000},
	Journal = {Philosophical Quarterly},
	Number = {231},
	Pages = {318--325},
	Publisher = {Wiley-Blackwell},
	Title = {Subject Sensitive Invariantism: In Memoriam},
	Volume = {58},
	Year = {2008}}

@article{Brown2005-BROAOD,
	Author = {Jessica Brown},
	Date-Added = {2019-03-01 05:27:22 +0000},
	Date-Modified = {2019-03-01 05:27:22 +0000},
	Journal = {Philosophical Quarterly},
	Number = {219},
	Pages = {263--285},
	Publisher = {Wiley-Blackwell},
	Title = {Adapt or Die: The Death of Invariantism?},
	Volume = {55},
	Year = {2005}}

@article{MacFarlane2005-MACKLT,
	Author = {John MacFarlane},
	Date-Added = {2019-03-01 05:27:22 +0000},
	Date-Modified = {2019-03-01 05:27:22 +0000},
	Journal = {Analysis},
	Number = {2},
	Pages = {132--138},
	Publisher = {Oxford University Press},
	Title = {Knowledge Laundering: Testimony and Sensitive Invariantism},
	Volume = {65},
	Year = {2005}}

@article{Cohen2005-COHKSA,
	Author = {Stewart Cohen},
	Date-Added = {2019-03-01 05:27:22 +0000},
	Date-Modified = {2019-03-01 05:27:22 +0000},
	Journal = {Philosophical Quarterly},
	Number = {219},
	Pages = {199--212},
	Publisher = {Wiley-Blackwell},
	Title = {Knowledge, Speaker and Subject},
	Volume = {55},
	Year = {2005}}

@article{Armendt2013-ARMPIA-2,
	Author = {Brad Armendt},
	Date-Added = {2019-03-01 05:27:22 +0000},
	Date-Modified = {2019-03-01 05:27:22 +0000},
	Journal = {Philosophy of Science},
	Number = {5},
	Pages = {758--768},
	Title = {Pragmatic Interests and Imprecise Belief},
	Volume = {80},
	Year = {2013}}

@incollection{Weatherson2012-WEAKBA,
	Author = {Brian Weatherson},
	Booktitle = {Knowledge Ascriptions},
	Date-Added = {2019-03-01 05:27:22 +0000},
	Date-Modified = {2019-03-01 05:27:22 +0000},
	Editor = {Jessica Brown and Mikkel Gerken},
	Pages = {75--103},
	Publisher = {Oxford University Press},
	Title = {Knowledge, Bets, and Interests},
	Year = {2012}}

@article{Weatherson2011-WEADII,
	Author = {Brian Weatherson},
	Date-Added = {2019-03-01 05:27:22 +0000},
	Date-Modified = {2019-03-01 05:27:22 +0000},
	Journal = {Logos and Episteme},
	Number = {4},
	Pages = {591--609},
	Title = {Defending Interest-Relative Invariantism},
	Volume = {2},
	Year = {2011}}

@article{Armendt2010-ARMSAB,
	Author = {Brad Armendt},
	Date-Added = {2019-03-01 05:27:22 +0000},
	Date-Modified = {2019-03-01 05:27:22 +0000},
	Journal = {Philosophical Studies},
	Number = {1},
	Pages = {71--87},
	Publisher = {Springer},
	Title = {Stakes and Beliefs},
	Volume = {147},
	Year = {2010}}

@article{Reisner2009-REITPO-6,
	Author = {Andrew Reisner},
	Date-Added = {2019-03-01 05:27:22 +0000},
	Date-Modified = {2019-03-01 05:27:22 +0000},
	Journal = {Philosophical Studies},
	Number = {2},
	Pages = {257--272},
	Publisher = {Springer},
	Title = {The Possibility of Pragmatic Reasons for Belief and the Wrong Kind of Reasons Problem},
	Volume = {145},
	Year = {2009}}

@incollection{Reisner2018-REIPRF,
	Author = {Andrew Reisner},
	Booktitle = {The Oxford Handbook of Reasons and Normativity},
	Date-Added = {2019-03-01 05:27:22 +0000},
	Date-Modified = {2019-03-01 05:27:22 +0000},
	Editor = {Daniel Star},
	Publisher = {Oxford University Press},
	Title = {Pragmatic Reasons for Belief},
	Year = {2018}}

@article{Vahid2010-VAHRBE,
	Author = {Hamid Vahid},
	Date-Added = {2019-03-01 05:27:22 +0000},
	Date-Modified = {2019-03-01 05:27:22 +0000},
	Journal = {Synthese},
	Number = {3},
	Pages = {447--462},
	Publisher = {Springer},
	Title = {Rationalizing Beliefs: Evidential Vs. Pragmatic Reasons},
	Volume = {176},
	Year = {2010}}

@article{Reisner2008-REIWPA,
	Author = {Andrew Reisner},
	Date-Added = {2019-03-01 05:27:22 +0000},
	Date-Modified = {2019-03-01 05:27:22 +0000},
	Journal = {Philosophical Studies},
	Number = {1},
	Pages = {17--27},
	Publisher = {Springer},
	Title = {Weighing Pragmatic and Evidential Reasons for Belief},
	Volume = {138},
	Year = {2008}}

@article{Levin2008-LEVAPR,
	Author = {Janet Levin},
	Date-Added = {2019-03-01 05:27:22 +0000},
	Date-Modified = {2019-03-01 05:27:22 +0000},
	Journal = {Philosophy and Phenomenological Research},
	Number = {2},
	Pages = {359--384},
	Publisher = {Wiley-Blackwell},
	Title = {Assertion, Practical Reason, and Pragmatic Theories of Knowledge},
	Volume = {76},
	Year = {2008}}

@article{Ganson2008-GANEAP,
	Author = {Dorit Ganson},
	Date-Added = {2019-03-01 05:27:22 +0000},
	Date-Modified = {2019-03-01 05:27:22 +0000},
	Journal = {Philosophical Studies},
	Number = {3},
	Pages = {441--458},
	Publisher = {Springer},
	Title = {Evidentialism and Pragmatic Constraints on Outright Belief},
	Volume = {139},
	Year = {2008}}

@article{Staley2007-STAECE,
	Author = {Kent W. Staley},
	Date-Added = {2019-03-01 05:27:22 +0000},
	Date-Modified = {2019-03-01 05:27:22 +0000},
	Journal = {Social Epistemology},
	Number = {3},
	Pages = {321--335},
	Publisher = {Taylor \& Francis},
	Title = {Evidential Collaborations: Epistemic and Pragmatic Considerations in "Group Belief"},
	Volume = {21},
	Year = {2007}}

@article{BlacksonForthcoming-BLAAWO-2,
	Author = {Thomas Blackson},
	Date-Added = {2019-03-01 05:27:22 +0000},
	Date-Modified = {2019-03-01 05:27:22 +0000},
	Journal = {Journal of Philosophical Research},
	Title = {Against Weatherson on How to Frame a Decision Problem},
	Year = {forthcoming}}

@article{Boyd2016-BOYPEA,
	Author = {Kenneth Boyd},
	Date-Added = {2019-03-01 05:27:22 +0000},
	Date-Modified = {2019-03-01 05:27:22 +0000},
	Journal = {Synthese},
	Number = {9},
	Publisher = {Springer Nature},
	Title = {Pragmatic Encroachment and Epistemically Responsible Action},
	Volume = {193},
	Year = {2016}}

@article{Luzzi2012-LUZIIA,
	Author = {Federico Luzzi},
	Date-Added = {2019-03-01 05:27:22 +0000},
	Date-Modified = {2019-03-01 05:27:22 +0000},
	Journal = {Pacific Philosophical Quarterly},
	Number = {1},
	Pages = {31--42},
	Publisher = {Wiley-Blackwell},
	Title = {Interest-Relative Invariantism and Knowledge From Ignorance},
	Volume = {93},
	Year = {2012}}

@article{May2010-MAYPIR,
	Author = {Joshua May and Walter Sinnott{-}Armstrong and Jay G. Hull and Aaron Zimmerman},
	Date-Added = {2019-03-01 05:27:22 +0000},
	Date-Modified = {2019-03-01 05:27:22 +0000},
	Journal = {Review of Philosophy and Psychology},
	Number = {2},
	Pages = {265--273},
	Publisher = {Springer Netherlands},
	Title = {Practical Interests, Relevant Alternatives, and Knowledge Attributions: An Empirical Study},
	Volume = {1},
	Year = {2010}}

@article{Blackson2004-BLAAIA-2,
	Author = {Thomas A. Blackson},
	Date-Added = {2019-03-01 05:27:22 +0000},
	Date-Modified = {2019-03-01 05:27:22 +0000},
	Journal = {Philosophy and Phenomenological Research},
	Number = {2},
	Pages = {344--345},
	Publisher = {Wiley-Blackwell},
	Title = {An Invalid Argument for Contextualism},
	Volume = {68},
	Year = {2004}}

@article{Bach2008-BACAPT,
	Author = {Kent Bach},
	Date-Added = {2019-03-01 05:27:22 +0000},
	Date-Modified = {2019-03-01 05:27:22 +0000},
	Journal = {Philosophical Issues},
	Number = {1},
	Pages = {68--88},
	Title = {Applying Pragmatics to Epistemology},
	Volume = {18},
	Year = {2008}}

@book{Goldberg2015-GOLESA-3,
	Author = {Sanford Goldberg},
	Date-Added = {2019-03-01 05:27:22 +0000},
	Date-Modified = {2019-03-01 05:27:22 +0000},
	Publisher = {Cambridge University Press},
	Title = {Externalism, Self-Knowledge, and Skepticism: New Essays},
	Year = {2015}}

@article{Feldman2007-FELKAL,
	Author = {Richard Feldman},
	Date-Added = {2019-03-01 05:27:22 +0000},
	Date-Modified = {2019-03-01 05:27:22 +0000},
	Journal = {Philosophy and Phenomenological Research},
	Number = {1},
	Pages = {211--226},
	Title = {Knowledge and Lotteries},
	Volume = {75},
	Year = {2007}}

@article{Pritchard2017-PRIEOP-3,
	Author = {Duncan Pritchard},
	Date-Added = {2019-03-01 05:27:22 +0000},
	Date-Modified = {2019-03-01 05:27:22 +0000},
	Journal = {Synthese},
	Number = {5},
	Pages = {1477--1486},
	Publisher = {Springer Nature},
	Title = {Engel on Pragmatic Encroachment and Epistemic Value},
	Volume = {194},
	Year = {2017}}

@article{Whittington2016-WHILKA,
	Author = {Lee Whittington},
	Date-Added = {2019-03-01 05:27:22 +0000},
	Date-Modified = {2019-03-01 05:27:22 +0000},
	Journal = {Synthese},
	Number = {6},
	Pages = {1615--1633},
	Publisher = {Springer Nature},
	Title = {Luck, Knowledge and Value},
	Volume = {193},
	Year = {2016}}

@article{Gerken2015-GERHTD-2,
	Author = {Mikkel Gerken},
	Date-Added = {2019-03-01 05:27:22 +0000},
	Date-Modified = {2019-03-01 05:27:22 +0000},
	Journal = {Philosophy and Phenomenological Research},
	Number = {1},
	Pages = {223--234},
	Title = {How to Do Things with Knowledge Ascriptions},
	Volume = {90},
	Year = {2015}}

@article{Pace2011-PACTER,
	Author = {Michael Pace},
	Date-Added = {2019-03-01 05:27:22 +0000},
	Date-Modified = {2019-03-01 05:27:22 +0000},
	Journal = {No\^us},
	Number = {2},
	Pages = {239--268},
	Title = {The Epistemic Value of Moral Considerations: Justification, Moral Encroachment, and James' 'Will To Believe'},
	Volume = {45},
	Year = {2011}}

@article{Engel2011-ENGIPY,
	Author = {Pascal Engel},
	Date-Added = {2019-03-01 05:27:22 +0000},
	Date-Modified = {2019-03-01 05:27:22 +0000},
	Journal = {Aret\'e. Revista de Filosof\'ia},
	Number = {1},
	Pages = {25--51},
	Publisher = {Fondo Editorial de la Pontificia Universidad Cat\'olica Del Per\'u},
	Title = {Intrusi\'on Pragm\'atica y Valor Epist\'emico},
	Volume = {23},
	Year = {2011}}

@article{Coffman2011-COFDKS,
	Author = {E. J. Coffman},
	Date-Added = {2019-03-01 05:27:22 +0000},
	Date-Modified = {2019-03-01 05:27:22 +0000},
	Journal = {Philosophical Studies},
	Number = {2},
	Pages = {285--300},
	Title = {Does Knowledge Secure Warrant to Assert?},
	Volume = {154},
	Year = {2011}}

@article{JeremyFantl2007-JEROPE,
	Author = {Matthew Mcgrath Jeremy Fantl},
	Date-Added = {2019-03-01 05:27:22 +0000},
	Date-Modified = {2019-03-01 05:27:22 +0000},
	Journal = {Philosophy and Phenomenological Research},
	Number = {3},
	Pages = {558--589},
	Publisher = {Wiley-Blackwell},
	Title = {On Pragmatic Encroachment in Epistemology},
	Volume = {75},
	Year = {2007}}

@book{Jager2011-JGEECV-3,
	Author = {Christoph J\"ager and Winfried L\"offler},
	Date-Added = {2019-03-01 05:27:22 +0000},
	Date-Modified = {2019-03-01 05:27:22 +0000},
	Publisher = {The Austrian Ludwig Wittgenstein Society},
	Title = {Epistemology: Contexts, Values, Disagreement. Papers of the 34th International Ludwig Wittgenstein-Symposium in Kirchberg, 2011},
	Year = {2011}}

@article{Crisp2005-CRIHOK,
	Author = {Thomas M. Crisp},
	Date-Added = {2019-03-01 05:27:22 +0000},
	Date-Modified = {2019-03-01 05:27:22 +0000},
	Journal = {Analysis},
	Number = {2},
	Pages = {138--140},
	Publisher = {Oxford University Press},
	Title = {Hawthorne on Knowledge and Practical Reasoning},
	Volume = {65},
	Year = {2005}}

@article{Brueckner2005-ABRRKA,
	Author = {A. Brueckner},
	Date-Added = {2019-03-01 05:27:22 +0000},
	Date-Modified = {2019-03-01 05:27:22 +0000},
	Journal = {Mind},
	Number = {453},
	Pages = {160--165},
	Publisher = {Oxford University Press},
	Title = {Review: Knowledge and Lotteries},
	Volume = {114},
	Year = {2005}}

@incollection{Eaton2017-EATWOP,
	Author = {Daniel Eaton and Timothy Pickavance},
	Booktitle = {Oxford Studies in Philosophy of Religion Volume 8},
	Date-Added = {2019-03-01 05:27:22 +0000},
	Date-Modified = {2019-03-01 05:27:22 +0000},
	Editor = {Jonathan L. Kvanvig},
	Publisher = {Oxford University Press},
	Title = {Wagering on Pragmatic Encroachment},
	Year = {2017}}

@article{Eaton2015-EATEAP,
	Author = {Daniel Eaton and Timothy Pickavance},
	Date-Added = {2019-03-01 05:27:22 +0000},
	Date-Modified = {2019-03-01 05:27:22 +0000},
	Journal = {Philosophical Studies},
	Number = {12},
	Pages = {3135--3143},
	Publisher = {Springer Netherlands},
	Title = {Evidence Against Pragmatic Encroachment},
	Volume = {172},
	Year = {2015}}

@article{Scott2015-SCOPER,
	Author = {Michael Scott},
	Date-Added = {2019-03-01 05:27:22 +0000},
	Date-Modified = {2019-03-01 05:27:22 +0000},
	Journal = {Analysis},
	Number = {3},
	Pages = {530--532},
	Title = {Pragmatic Encroachment, Religious Belief and Practice By Aaron Rizzieri},
	Volume = {75},
	Year = {2015}}

@article{Rubin2015-RUBTPE,
	Author = {Katherine Rubin},
	Date-Added = {2019-03-01 05:27:22 +0000},
	Date-Modified = {2019-03-01 05:27:22 +0000},
	Journal = {Pacific Philosophical Quarterly},
	Number = {1},
	Pages = {12--38},
	Title = {Total Pragmatic Encroachment and Epistemic Permissiveness},
	Volume = {96},
	Year = {2015}}

@article{Phelan2013-PHEETS,
	Author = {Mark Phelan},
	Date-Added = {2019-03-01 05:27:22 +0000},
	Date-Modified = {2019-03-01 05:27:22 +0000},
	Journal = {Philosophical Psychology},
	Number = {4},
	Pages = {1--25},
	Title = {Evidence That Stakes Don't Matter for Evidence},
	Year = {2013}}

@article{ArmourGarb2011,
	Author = {B. Armour{-}Garb},
	Date-Added = {2019-03-01 05:27:22 +0000},
	Date-Modified = {2019-03-01 05:27:42 +0000},
	Journal = {Analysis},
	Number = {4},
	Pages = {667--676},
	Title = {Contextualism Without Pragmatic Encroachment},
	Volume = {71},
	Year = {2011}}

@article{Smith2005-SMIKAL,
	Author = {Donald Smith},
	Date-Added = {2019-03-01 05:27:22 +0000},
	Date-Modified = {2019-03-01 05:27:22 +0000},
	Journal = {Philosophical Books},
	Number = {2},
	Pages = {123--131},
	Title = {Knowledge and Lotteries},
	Volume = {46},
	Year = {2005}}

@article{Shin2014-SHITCA-3,
	Author = {Joseph Shin},
	Date-Added = {2019-03-01 05:27:22 +0000},
	Date-Modified = {2019-03-01 05:27:22 +0000},
	Journal = {Episteme},
	Number = {2},
	Pages = {157--180},
	Publisher = {Edinburgh University Press},
	Title = {Time Constraints and Pragmatic Encroachment on Knowledge},
	Volume = {11},
	Year = {2014}}

@article{Vahid2014-VAHVOP,
	Author = {Hamid Vahid},
	Date-Added = {2019-03-01 05:27:22 +0000},
	Date-Modified = {2019-03-01 05:27:22 +0000},
	Journal = {Acta Analytica},
	Number = {1},
	Pages = {25--41},
	Title = {Varieties of Pragmatic Encroachment},
	Volume = {29},
	Year = {2014}}

@article{Lutz2014-LUTTPO,
	Author = {Matt Lutz},
	Date-Added = {2019-03-01 05:27:22 +0000},
	Date-Modified = {2019-03-01 05:27:22 +0000},
	Journal = {Synthese},
	Number = {8},
	Pages = {1--24},
	Title = {The Pragmatics of Pragmatic Encroachment},
	Volume = {191},
	Year = {2014}}

@article{Baril2013-BARPEI-4,
	Author = {Anne Baril},
	Date-Added = {2019-03-01 05:27:22 +0000},
	Date-Modified = {2019-03-01 05:27:22 +0000},
	Journal = {Synthese},
	Number = {17},
	Pages = {3929--3952},
	Title = {Pragmatic Encroachment in Accounts of Epistemic Excellence},
	Volume = {190},
	Year = {2013}}

@article{Adler2012-ADLCAF,
	Author = {Jonathan E. Adler},
	Date-Added = {2019-03-01 05:27:22 +0000},
	Date-Modified = {2019-03-01 05:27:22 +0000},
	Journal = {Synthese},
	Number = {2},
	Pages = {247--272},
	Publisher = {Springer Nature},
	Title = {Contextualism and Fallibility: Pragmatic Encroachment, Possibility, and Strength of Epistemic Position},
	Volume = {188},
	Year = {2012}}

@article{Schroeder2012-SCHSWA-2,
	Author = {Mark Schroeder},
	Date-Added = {2019-03-01 05:27:22 +0000},
	Date-Modified = {2019-03-01 05:27:22 +0000},
	Journal = {Philosophical Studies},
	Number = {2},
	Pages = {265--285},
	Title = {Stakes, Withholding, and Pragmatic Encroachment on Knowledge},
	Volume = {160},
	Year = {2012}}

@article{Shaffer2012-SHANPE,
	Author = {Michael J. Shaffer},
	Date-Added = {2019-03-01 05:27:22 +0000},
	Date-Modified = {2019-03-01 05:27:22 +0000},
	Journal = {Logos and Episteme},
	Number = {2},
	Pages = {239--259},
	Title = {Not-Exact-Truths, Pragmatic Encroachment and the Epistemic Norm of Practical Reasoning},
	Volume = {3},
	Year = {2012}}

@article{Ichikawa2012-ICHPEA,
	Author = {Jonathan Ichikawa and Benjamin Jarvis and Katherine Rubin},
	Date-Added = {2019-03-01 05:27:22 +0000},
	Date-Modified = {2019-03-01 05:27:22 +0000},
	Journal = {Analytic Philosophy},
	Number = {4},
	Pages = {327--343},
	Title = {Pragmatic Encroachment and Belief-Desire Psychology},
	Volume = {53},
	Year = {2012}}

@article{Adler2012-ADLPEM,
	Author = {Jonathan E. Adler},
	Date-Added = {2019-03-01 05:27:22 +0000},
	Date-Modified = {2019-03-01 05:27:22 +0000},
	Journal = {Analysis},
	Number = {3},
	Pages = {526--534},
	Title = {Pragmatic Encroachment, Methods and Contextualism},
	Volume = {72},
	Year = {2012}}

@article{Boyd2011-BOYKIA,
	Author = {Kenneth Boyd},
	Date-Added = {2019-03-01 05:27:22 +0000},
	Date-Modified = {2019-03-01 05:27:22 +0000},
	Journal = {Analysis},
	Number = {1},
	Pages = {189--191},
	Title = {Knowledge in an Uncertain World * by Jeremy Fantl and Matthew McGrath},
	Volume = {71},
	Year = {2011}}

@article{Ballantyne2011-BALAEP,
	Author = {Nathan Ballantyne},
	Date-Added = {2019-03-01 05:27:22 +0000},
	Date-Modified = {2019-03-01 05:27:22 +0000},
	Journal = {Canadian Journal of Philosophy},
	Number = {4},
	Pages = {485--503},
	Publisher = {University of Calgary Press},
	Title = {Anti-Luck Epistemology, Pragmatic Encroachment, and True Belief},
	Volume = {41},
	Year = {2011}}

@incollection{Engel2009-ENGPEA,
	Author = {Pascal Engel},
	Booktitle = {Epistemic Value},
	Date-Added = {2019-03-01 05:27:22 +0000},
	Date-Modified = {2019-03-01 05:27:22 +0000},
	Editor = {Adrian Haddock and Alan Millar and Duncan Pritchard},
	Publisher = {Oxford University Press},
	Title = {Pragmatic Encroachment and Epistemic Value},
	Year = {2009}}

@article{Benton2014-BENKN,
	Author = {Matthew A. Benton},
	Date-Added = {2019-03-01 05:27:22 +0000},
	Date-Modified = {2019-03-01 05:27:22 +0000},
	Journal = {Internet Encyclopedia of Philosophy},
	Pages = {nn-nn},
	Title = {Knowledge Norms},
	Year = {2014}}

@incollection{Reed2013-REEPMD,
	Author = {Baron Reed},
	Booktitle = {Contemporary Debates in Epistemology},
	Date-Added = {2019-03-01 05:27:22 +0000},
	Date-Modified = {2019-03-01 05:27:22 +0000},
	Editor = {Matthias Steup and John Turri},
	Pages = {2--95},
	Publisher = {Blackwell},
	Title = {Practical Matters Do Not Affect Whether You Know},
	Year = {2013}}

@article{Fantl2012-FANCAS,
	Author = {Jeremy Fantl and Matthew McGrath},
	Date-Added = {2019-03-01 05:27:22 +0000},
	Date-Modified = {2019-03-01 05:27:22 +0000},
	Journal = {Philosophy and Phenomenological Research},
	Number = {3},
	Pages = {693--702},
	Publisher = {Wiley Online Library},
	Title = {Contextualism and Subject-Sensitivity},
	Volume = {84},
	Year = {2012}}

@article{Buckwalter2012-BUCNFI,
	Author = {Wesley Buckwalter},
	Date-Added = {2019-03-01 05:27:22 +0000},
	Date-Modified = {2019-03-01 05:27:22 +0000},
	Journal = {Philosophy Compass},
	Number = {4},
	Pages = {278--289},
	Publisher = {Wiley Online Library},
	Title = {Non-Traditional Factors in Judgments About Knowledge},
	Volume = {7},
	Year = {2012}}

@article{Sripada2012-SRIETO,
	Author = {Chandra Sekhar Sripada and Jason Stanley},
	Date-Added = {2019-03-01 05:27:22 +0000},
	Date-Modified = {2019-03-01 05:27:22 +0000},
	Journal = {Episteme},
	Number = {1},
	Pages = {3--26},
	Publisher = {Cambridge Univ Press},
	Title = {Empirical Tests of Interest-Relative Invariantism},
	Volume = {9},
	Year = {2012}}

@article{Brown2012-BROPRD,
	Author = {Jessica Brown},
	Date-Added = {2019-03-01 05:27:22 +0000},
	Date-Modified = {2019-03-01 05:27:22 +0000},
	Journal = {Episteme},
	Number = {1},
	Pages = {1--20},
	Publisher = {Cambridge Univ Press},
	Title = {Practial Reasoning, Decision Theory and Anti-Intellectualism},
	Volume = {9},
	Year = {2012}}

@article{Rizzieri2011-RIZPES,
	Author = {Aaron Rizzieri},
	Date-Added = {2019-03-01 05:27:22 +0000},
	Date-Modified = {2019-03-01 05:27:22 +0000},
	Journal = {International Journal for Philosophy of Religion},
	Number = {3},
	Pages = {217--229},
	Publisher = {Springer},
	Title = {Pragmatic Encroachment, Stakes, and Religious Knowledge},
	Volume = {70},
	Year = {2011}}

@article{Grimm2011-GRIOII,
	Author = {Stephen R. Grimm},
	Date-Added = {2019-03-01 05:27:22 +0000},
	Date-Modified = {2019-03-01 05:27:22 +0000},
	Journal = {Mind},
	Number = {479},
	Pages = {705--733},
	Publisher = {Mind Assoc},
	Title = {On Intellectualism in Epistemology},
	Volume = {120},
	Year = {2011}}

@article{Reed2010-REEADO,
	Author = {Baron Reed},
	Date-Added = {2019-03-01 05:27:22 +0000},
	Date-Modified = {2019-03-01 05:27:22 +0000},
	Journal = {No\^us},
	Number = {2},
	Pages = {224--244},
	Publisher = {Wiley Online Library},
	Title = {A Defense of Stable Invariantism},
	Volume = {44},
	Year = {2010}}

@article{McGrath2010-MCGCAI-2,
	Author = {Matthew McGrath},
	Date-Added = {2019-03-01 05:27:22 +0000},
	Date-Modified = {2019-03-01 05:27:22 +0000},
	Journal = {Philosophical Perspectives},
	Number = {1},
	Pages = {383--405},
	Publisher = {Wiley Online Library},
	Title = {Contextualism and Intellectualism},
	Volume = {24},
	Year = {2010}}

@book{DeRose2009-DERTCF-2,
	Author = {Keith DeRose},
	Date-Added = {2019-03-01 05:27:22 +0000},
	Date-Modified = {2019-03-01 05:27:22 +0000},
	Publisher = {Oxford University Press},
	Title = {The Case for Contextualism: Knowledge, Skepticism, and Context, Vol. 1},
	Year = {2009}}

@article{Fantl2009-FANCSO,
	Author = {Jeremy Fantl and Matthew McGrath},
	Date-Added = {2019-03-01 05:27:22 +0000},
	Date-Modified = {2019-03-01 05:27:22 +0000},
	Journal = {No\^us},
	Number = {1},
	Pages = {178--192},
	Publisher = {Wiley Online Library},
	Title = {Critical Study of John Hawthorne's Knowledge and Lotteries and Jason Stanley's Knowledge and Practical Interests},
	Volume = {43},
	Year = {2009}}

@article{Brown2008-BROSIA,
	Author = {Jessica Brown},
	Date-Added = {2019-03-01 05:27:22 +0000},
	Date-Modified = {2019-03-01 05:27:22 +0000},
	Journal = {No\^us},
	Number = {2},
	Pages = {167--189},
	Publisher = {Wiley Online Library},
	Title = {SubjectSensitive Invariantism and the Knowledge Norm for Practical Reasoning},
	Volume = {42},
	Year = {2008}}

@article{Brown2008-BROKAP-3,
	Author = {Jessica Brown},
	Date-Added = {2019-03-01 05:27:22 +0000},
	Date-Modified = {2019-03-01 05:27:22 +0000},
	Journal = {Philosophy Compass},
	Number = {6},
	Pages = {1135--1152},
	Publisher = {John Wiley \& Sons},
	Title = {Knowledge and Practical Reason},
	Volume = {3},
	Year = {2008}}

@article{DeRose2007-KDERKA,
	Author = {K. DeRose},
	Date-Added = {2019-03-01 05:27:22 +0000},
	Date-Modified = {2019-03-01 05:27:22 +0000},
	Journal = {Mind},
	Number = {462},
	Pages = {486--489},
	Publisher = {Mind Assoc},
	Title = {Review: Knowledge and Practical Interests},
	Volume = {116},
	Year = {2007}}

@article{Schaffer2006-SCHTIO-5,
	Author = {Jonathan Schaffer},
	Date-Added = {2019-03-01 05:27:22 +0000},
	Date-Modified = {2019-03-01 05:27:22 +0000},
	Journal = {Philosophical Studies},
	Number = {1},
	Pages = {87--107},
	Publisher = {Springer},
	Title = {The Irrelevance of the Subject: Against Subject-Sensitive Invariantism},
	Volume = {127},
	Year = {2006}}

@article{Williamson2005-WILCSI-2,
	Author = {Timothy Williamson},
	Date-Added = {2019-03-01 05:27:22 +0000},
	Date-Modified = {2019-03-01 05:27:22 +0000},
	Journal = {Philosophical Quarterly},
	Number = {219},
	Pages = {213--235},
	Publisher = {Blackwell Publishing Ltd},
	Title = {Contextualism, Subject-Sensitive Invariantism, and Knowledge of Knowledge},
	Volume = {55},
	Year = {2005}}

@article{Weatherson2005-WEACWD,
	Author = {Brian Weatherson},
	Date-Added = {2019-03-01 05:27:22 +0000},
	Date-Modified = {2019-03-01 05:27:22 +0000},
	Journal = {Philosophical Perspectives},
	Number = {1},
	Pages = {417--443},
	Publisher = {Wiley Online Library},
	Title = {Can We Do Without Pragmatic Encroachment?},
	Volume = {19},
	Year = {2005}}

@book{Stanley2005-STAKAP,
	Author = {Jason Stanley},
	Date-Added = {2019-03-01 05:27:22 +0000},
	Date-Modified = {2019-03-01 05:27:22 +0000},
	Publisher = {Oxford University Press},
	Title = {Knowledge and Practical Interests},
	Year = {2005}}

@article{DeRose2005-DERTOL,
	Author = {Keith DeRose},
	Date-Added = {2019-03-01 05:27:22 +0000},
	Date-Modified = {2019-03-01 05:27:22 +0000},
	Journal = {Philosophical Quarterly},
	Number = {219},
	Pages = {172--198},
	Publisher = {John Wiley \& Sons},
	Title = {The Ordinary Language Basis for Contextualism, and the New Invariantism},
	Volume = {55},
	Year = {2005}}

@article{DeRose2004-DERTPW,
	Author = {Keith DeRose},
	Date-Added = {2019-03-01 05:27:22 +0000},
	Date-Modified = {2019-03-01 05:27:22 +0000},
	Journal = {Philosophy and Phenomenological Research},
	Number = {2},
	Pages = {346--350},
	Publisher = {Jstor},
	Title = {The Problem with Subject-Sensitive Invariantism},
	Volume = {68},
	Year = {2004}}

@book{Hawthorne2003-HAWKAL,
	Author = {John Hawthorne},
	Date-Added = {2019-03-01 05:27:22 +0000},
	Date-Modified = {2019-03-01 05:27:22 +0000},
	Publisher = {Oxford University Press},
	Title = {Knowledge and Lotteries},
	Year = {2003}}

@article{Fantl2002-FANEPA,
	Author = {Jeremy Fantl and Matthew McGrath},
	Date-Added = {2019-03-01 05:27:22 +0000},
	Date-Modified = {2019-03-01 05:27:22 +0000},
	Journal = {Philosophical Review},
	Number = {1},
	Pages = {67--94},
	Publisher = {Duke Univ Press},
	Title = {Evidence, Pragmatics, and Justification},
	Volume = {111},
	Year = {2002}}

@article{Levi1960-LEVMTS,
	Author = {Isaac Levi},
	Date-Added = {2019-03-01 05:27:22 +0000},
	Date-Modified = {2019-03-01 05:27:22 +0000},
	Journal = {Journal of Philosophy},
	Number = {11},
	Pages = {345--357},
	Publisher = {Jstor},
	Title = {Must the Scientist Make Value Judgments?},
	Volume = {57},
	Year = {1960}}

@article{Jeffrey1956-JEFVAA,
	Author = {Richard C. Jeffrey},
	Date-Added = {2019-03-01 05:27:22 +0000},
	Date-Modified = {2019-03-01 05:27:22 +0000},
	Journal = {Philosophy of Science},
	Number = {3},
	Pages = {237--246},
	Publisher = {Jstor},
	Title = {Valuation and Acceptance of Scientific Hypotheses},
	Volume = {23},
	Year = {1956}}

@article{Rudner1953-RUDTSQ,
	Author = {Richard Rudner},
	Date-Added = {2019-03-01 05:27:22 +0000},
	Date-Modified = {2019-03-01 05:27:22 +0000},
	Journal = {Philosophy of Science},
	Number = {1},
	Pages = {1--6},
	Publisher = {Philosophy of Science Association; the University of Chicago Press},
	Title = {The Scientist Qua Scientist Makes Value Judgments},
	Volume = {20},
	Year = {1953}}

@book{Rizzieri2013-RIZPER,
	Author = {Aaron Rizzieri},
	Date-Added = {2019-03-01 05:27:22 +0000},
	Date-Modified = {2019-03-01 05:27:22 +0000},
	Publisher = {Palgrave MacMillan},
	Title = {Pragmatic Encroachment, Religious Belief and Practice},
	Year = {2013}}

@article{Reed2012-REERE,
	Author = {Baron Reed},
	Date-Added = {2019-03-01 05:27:22 +0000},
	Date-Modified = {2019-03-01 05:27:22 +0000},
	Journal = {Philosophy and Phenomenological Research},
	Number = {2},
	Pages = {465--472},
	Publisher = {Wiley-Blackwell},
	Title = {Resisting Encroachment},
	Volume = {85},
	Year = {2012}}

@article{Fantl2012-FANRTC,
	Author = {Jeremy Fantl and Matthew Mcgrath},
	Date-Added = {2019-03-01 05:27:22 +0000},
	Date-Modified = {2019-03-01 05:27:22 +0000},
	Journal = {Philosophy and Phenomenological Research},
	Number = {2},
	Pages = {473--490},
	Publisher = {Wiley-Blackwell},
	Title = {Replies to Cohen, Neta and Reed},
	Volume = {85},
	Year = {2012}}

@article{Neta2012-NETTCA,
	Author = {Ram Neta},
	Date-Added = {2019-03-01 05:27:22 +0000},
	Date-Modified = {2019-03-01 05:27:22 +0000},
	Journal = {Philosophy and Phenomenological Research},
	Number = {2},
	Pages = {456--464},
	Publisher = {Wiley-Blackwell},
	Title = {The Case Against Purity},
	Volume = {85},
	Year = {2012}}

@article{Hawthorne2008-HAWKAA,
	Author = {John Hawthorne and Jason Stanley},
	Date-Added = {2019-03-01 05:27:22 +0000},
	Date-Modified = {2019-03-01 05:27:22 +0000},
	Journal = {Journal of Philosophy},
	Number = {10},
	Pages = {571--590},
	Publisher = {Journal of Philosophy Inc},
	Title = {Knowledge and Action},
	Volume = {105},
	Year = {2008}}

@article{Nagel2008-NAGKAA,
	Author = {Jennifer Nagel},
	Date-Added = {2019-03-01 05:27:22 +0000},
	Date-Modified = {2019-03-01 05:27:22 +0000},
	Journal = {Australasian Journal of Philosophy},
	Number = {2},
	Pages = {279--294},
	Publisher = {Taylor \& Francis},
	Title = {Knowledge Ascriptions and the Psychological Consequences of Changing Stakes},
	Volume = {86},
	Year = {2008}}

@article{Ross2014-ROSBCA-4,
	Author = {Jacob Ross and Mark Schroeder},
	Date-Added = {2019-03-01 05:27:22 +0000},
	Date-Modified = {2019-03-01 05:27:22 +0000},
	Journal = {Philosophy and Phenomenological Research},
	Number = {2},
	Pages = {259--288},
	Title = {Belief, Credence, and Pragmatic Encroachment1},
	Volume = {88},
	Year = {2014}}

@article{Brown2013-BROIPR-3,
	Author = {Jessica Brown},
	Date-Added = {2019-03-01 05:27:22 +0000},
	Date-Modified = {2019-03-01 05:27:22 +0000},
	Journal = {No\^us},
	Number = {1},
	Pages = {179--192},
	Publisher = {Wiley Online Library},
	Title = {Impurism, Practical Reasoning, and the Threshold Problem},
	Volume = {47},
	Year = {2013}}

@article{Comesana2013-COMEP,
	Author = {Juan Comesa\~na},
	Date-Added = {2019-03-01 05:27:22 +0000},
	Date-Modified = {2019-03-01 05:27:22 +0000},
	Journal = {Res Philosophica},
	Number = {2},
	Pages = {237--260},
	Publisher = {Philosophy Department, St. Louis University},
	Title = {Epistemic Pragmatism},
	Volume = {90},
	Year = {2013}}

@article{McGrath2012-FANPEI,
	Author = {McGrath and Jeremy Fantl},
	Date-Added = {2019-03-01 05:27:22 +0000},
	Date-Modified = {2019-03-01 05:27:22 +0000},
	Journal = {Episteme},
	Number = {1},
	Pages = {27--42},
	Publisher = {Edinburgh University Press},
	Title = {Pragmatic Encroachment: It's Not Just About Knowledge},
	Volume = {9},
	Year = {2012}}

@article{Cohen2012-COHDPR,
	Author = {Stewart Cohen},
	Date-Added = {2019-03-01 05:27:22 +0000},
	Date-Modified = {2019-03-01 05:27:22 +0000},
	Journal = {Philosophy and Phenomenological Research},
	Number = {2},
	Pages = {447--455},
	Publisher = {Wiley-Blackwell},
	Title = {Does Practical Rationality Constrain Epistemic Rationality?},
	Volume = {85},
	Year = {2012}}

@article{Miller2014-MILSVA,
	Author = {Boaz Miller},
	Date-Added = {2019-03-01 05:27:22 +0000},
	Date-Modified = {2019-03-01 05:27:22 +0000},
	Journal = {European Journal for Philosophy of Science},
	Number = {2},
	Pages = {253--270},
	Title = {Science, Values, and Pragmatic Encroachment on Knowledge},
	Volume = {4},
	Year = {2014}}

@book{Fantl2009-FANKIA-2,
	Author = {Jeremy Fantl and Matthew McGrath},
	Date-Added = {2019-03-01 05:27:22 +0000},
	Date-Modified = {2019-03-01 05:27:22 +0000},
	Publisher = {Oxford University Press},
	Title = {Knowledge in an Uncertain World},
	Year = {2009}}

@article{McGrath2007-MCGOPE,
	Author = {Matthew McGrath},
	Date-Added = {2019-03-01 05:27:22 +0000},
	Date-Modified = {2019-03-01 05:27:22 +0000},
	Journal = {Philosophy and Phenomenological Research},
	Number = {3},
	Pages = {558--589},
	Publisher = {Wiley-Blackwell},
	Title = {On Pragmatic Encroachment in Epistemology},
	Volume = {75},
	Year = {2007}}

@article{Worsnip2015-WORTKO,
	Author = {Alex Worsnip},
	Date-Added = {2019-03-01 05:27:22 +0000},
	Date-Modified = {2019-03-01 05:27:22 +0000},
	Journal = {Pacific Philosophical Quarterly},
	Number = {3},
	Pages = {307--324},
	Title = {Two Kinds of Stakes},
	Volume = {96},
	Year = {2015}}

@article{Locke2015-LOCPC,
	Author = {Dustin Locke},
	Date-Added = {2019-03-01 05:27:22 +0000},
	Date-Modified = {2019-03-01 05:27:22 +0000},
	Journal = {Philosophy and Phenomenological Research},
	Number = {1},
	Pages = {72--95},
	Title = {Practical Certainty},
	Volume = {90},
	Year = {2015}}

@incollection{Grimm2015-GRIQPI,
	Author = {Stephen R. Grimm},
	Booktitle = {Epistemic Evaluation: Purposeful Epistemology},
	Date-Added = {2019-03-01 05:27:22 +0000},
	Date-Modified = {2019-03-01 05:27:22 +0000},
	Editor = {John Greco and David Henderson},
	Publisher = {Oxford University Press},
	Title = {Knowledge, Practical Interests, and Rising Tides},
	Year = {2015}}

@article{Henderson2009-HENMC,
	Author = {David Henderson},
	Date-Added = {2019-03-01 05:27:22 +0000},
	Date-Modified = {2019-03-01 05:27:22 +0000},
	Journal = {Philosophical Studies},
	Number = {1},
	Pages = {119--131},
	Publisher = {Springer},
	Title = {Motivated Contextualism},
	Volume = {142},
	Year = {2009}}

@article{Cresto2010-CREBAC,
	Author = {Eleonora Cresto},
	Date-Added = {2019-03-01 05:27:22 +0000},
	Date-Modified = {2019-03-01 05:27:22 +0000},
	Journal = {Synthese},
	Number = {1},
	Pages = {41--66},
	Publisher = {Springer},
	Title = {Belief and Contextual Acceptance},
	Volume = {177},
	Year = {2010}}
